<record><leader>00000cas a2200000 a 4500</leader><controlfield tag="001">1757408</controlfield><controlfield tag="008">751101d196719uuiauer ne      0   a0eng c</controlfield><datafield ind1=" " ind2=" " tag="010"><subfield code="a">sn 85049789 </subfield></datafield><datafield ind1=" " ind2=" " tag="040"><subfield code="a">MUL</subfield><subfield code="b">eng</subfield><subfield code="c">MUL</subfield><subfield code="d">INP</subfield><subfield code="d">CNW</subfield><subfield code="d">EYM</subfield><subfield code="d">OCL</subfield><subfield code="d">NYS</subfield><subfield code="d">OCLCQ</subfield><subfield code="d">OCLCF</subfield><subfield code="d">OCLCO</subfield></datafield><datafield ind1=" " ind2=" " tag="012"><subfield code="i">9502</subfield></datafield><datafield ind1="1" ind2=" " tag="029"><subfield code="a">AU@</subfield><subfield code="b">000011356399</subfield></datafield><datafield ind1=" " ind2=" " tag="042"><subfield code="a">pcc</subfield></datafield><datafield ind1=" " ind2=" " tag="043"><subfield code="a">n-us-ia</subfield></datafield><datafield ind1="0" ind2="0" tag="245"><subfield code="a">Middle earth.</subfield></datafield><datafield ind1="1" ind2="3" tag="246"><subfield code="a">Middlearth</subfield></datafield><datafield ind1="1" ind2="3" tag="246"><subfield code="a">M.E.</subfield></datafield><datafield ind1="3" ind2="0" tag="246"><subfield code="a">ME</subfield></datafield><datafield ind1=" " ind2=" " tag="260"><subfield code="a">Iowa City, Iowa :</subfield><subfield code="b">Bob Sayre,</subfield><subfield code="c">1967-</subfield></datafield><datafield ind1=" " ind2=" " tag="300"><subfield code="a">v. :</subfield><subfield code="b">ill. ;</subfield><subfield code="c">17 cm.</subfield></datafield><datafield ind1=" " ind2=" " tag="310"><subfield code="a">Biweekly</subfield></datafield><datafield ind1="0" ind2=" " tag="362"><subfield code="a">Vol. 1, no. 2 ([Sept. 1967?])-</subfield></datafield><datafield ind1=" " ind2=" " tag="500"><subfield code="a">Title from cover.</subfield></datafield><datafield ind1=" " ind2=" " tag="500"><subfield code="a">Publishers: Bob Sayre, v. 1, no. 2; Margie Duskey, v. 1, no. 3-v. 2, no. 1; Friends, v. 2, no. 2; Erik R. Moore, v. 2, no. 3; University of Iowa SDS and the Iowa Peace and Freedom Club, v. 2, no. 4-&lt;v. 2, no. 6&gt;.</subfield></datafield><datafield ind1=" " ind2=" " tag="500"><subfield code="a">Editors: Dave Miller, v. 1, no. 2-v. 1, no. 18; Howard Weinberg, v. 2, no. 1; Erik R. Moore, v. 2, no. 2-v. 2, no. 3; Steve Hiatt, v. 2, no. 4-&lt;v. 2, no. 6&gt;.</subfield></datafield><datafield ind1=" " ind2=" " tag="515"><subfield code="a">No issue numbered Vol. 1, no. 1 ever published.</subfield></datafield><datafield ind1=" " ind2=" " tag="515"><subfield code="a">Most issues are undated.</subfield></datafield><datafield ind1=" " ind2=" " tag="530"><subfield code="a">Available on microfilm from Bell &amp; Howell (Underground newspaper collection).</subfield></datafield><datafield ind1=" " ind2=" " tag="588"><subfield code="a">Latest issue consulted: Vol. 2, no. 6, published in 1969.</subfield></datafield><datafield ind1=" " ind2="0" tag="650"><subfield code="a">Underground press publications</subfield><subfield code="z">Iowa</subfield><subfield code="z">Iowa City.</subfield></datafield><datafield ind1=" " ind2="0" tag="651"><subfield code="a">Iowa City (Iowa)</subfield><subfield code="v">Newspapers.</subfield></datafield><datafield ind1=" " ind2="0" tag="651"><subfield code="a">Johnson County (Iowa)</subfield><subfield code="v">Newspapers.</subfield></datafield><datafield ind1=" " ind2="7" tag="655"><subfield code="a">Newspapers.</subfield><subfield code="2">fast</subfield><subfield code="0">(OCoLC)fst01423814</subfield></datafield><datafield ind1=" " ind2="7" tag="650"><subfield code="a">Underground press publications.</subfield><subfield code="2">fast</subfield><subfield code="0">(OCoLC)fst01160984</subfield></datafield><datafield ind1=" " ind2="7" tag="651"><subfield code="a">Iowa</subfield><subfield code="z">Iowa City.</subfield><subfield code="2">fast</subfield><subfield code="0">(OCoLC)fst01208636</subfield></datafield><datafield ind1=" " ind2="7" tag="651"><subfield code="a">Iowa</subfield><subfield code="z">Johnson County.</subfield><subfield code="2">fast</subfield><subfield code="0">(OCoLC)fst01212216</subfield></datafield><datafield ind1=" " ind2=" " tag="752"><subfield code="a">United States</subfield><subfield code="b">Iowa</subfield><subfield code="c">Johnson</subfield><subfield code="d">Iowa City.</subfield></datafield><datafield ind1="1" ind2=" " tag="776"><subfield code="t">Middle earth</subfield><subfield code="w">(OCoLC)7524803</subfield></datafield><datafield ind1=" " ind2=" " tag="850"><subfield code="a">MiU</subfield></datafield></record>